<?xml version="1.0" encoding="UTF-8"?><record xmlns="http://www.loc.gov/MARC21/slim" xmlns:cinclude="http://apache.org/cocoon/include/1.0" xmlns:zs="http://www.loc.gov/zing/srw/">
  <leader>00682cz  a2200181n  4500</leader>
  <controlfield tag="001">no 98022521 </controlfield>
  <controlfield tag="003">DLC</controlfield>
  <controlfield tag="005">20131112073816.0</controlfield>
  <controlfield tag="008">980115n| azannaabn          |n aaa     c</controlfield>
  <datafield tag="010" ind1=" " ind2=" ">
    <subfield code="a">no 98022521 </subfield>
  </datafield>
  <datafield tag="035" ind1=" " ind2=" ">
    <subfield code="a">(OCoLC)oca04600329</subfield>
  </datafield>
  <datafield tag="040" ind1=" " ind2=" ">
    <subfield code="a">OCoLC</subfield>
    <subfield code="b">eng</subfield>
    <subfield code="e">rda</subfield>
    <subfield code="c">OCoLC</subfield>
    <subfield code="d">DLC</subfield>
    <subfield code="d">IEN-Mu</subfield>
  </datafield>
  <datafield tag="100" ind1="1" ind2=" ">
    <subfield code="a">Iturbi, JoseĚ,</subfield>
    <subfield code="d">1895-1980.</subfield>
    <subfield code="t">Seguidillas,</subfield>
    <subfield code="m">orchestra</subfield>
  </datafield>
  <datafield tag="382" ind1=" " ind2=" ">
    <subfield code="a">orchestra</subfield>
  </datafield>
  <datafield tag="667" ind1=" " ind2=" ">
    <subfield code="a">Machine-derived authority record.</subfield>
  </datafield>
  <datafield tag="670" ind1=" " ind2=" ">
    <subfield code="a">LCCN 93-705227: Kostelanetz, A. The lure of Spain, 1956</subfield>
  </datafield>
  <datafield tag="670" ind1=" " ind2=" ">
    <subfield code="a">LC manual cat., Jan. 22, 1999</subfield>
    <subfield code="b">(hdg.: Iturbi, Jose, 1895- Seguidillas, orchestra)</subfield>
  </datafield>
  <datafield tag="670" ind1=" " ind2=" ">
    <subfield code="a">Diz. enc. univesale della musica e dei musicisti, c1986</subfield>
    <subfield code="b">(Seguidillas, for orchestra)</subfield>
  </datafield>
</record>